@article{reference1,
  title={Advanced defensive distillation with ensemble voting and noisy logits},
  author={Liang, Yuting and Samavi, Reza},
  journal={Applied Intelligence},
  year={2023},
  publisher={Springer}
},

@article{reference2,
  title={DENL: Diverse Ensemble and Noisy Logits for Improved Robustness of Neural Networks},
  author={Mina, Yazdani, Liang, Yuting, and Samavi Reza.},
  journal={arXiv preprint},
  year={2020}
}

@inproceedings{reference3,
  title={Towards evaluating the robustness of neural networks},
  author={Carlini, Nicholas and Wagner, David},
  booktitle={2017 iEEE symposium on security and privacy (sp)},
  pages={39--57},
  year={2017},
  organization={IEEE}
},

@inproceedings{reference4,
  title={Certified adversarial robustness via randomized smoothing},
  author={Cohen, Jeremy and Rosenfeld, Elan and Kolter, Zico},
  booktitle={international conference on machine learning},
  year={2019},
  organization={PMLR}
},

@inproceedings{reference5,
  title={Reliable evaluation of adversarial robustness with an ensemble of diverse parameter-free attacks},
  author={Croce, Francesco and Hein, Matthias},
  booktitle={International conference on machine learning},
  pages={2206--2216},
  year={2020},
  organization={PMLR}
},

@inproceedings{reference6,
  title={On the Certified Robustness for Ensemble Models and Beyond},
  author={Yang, Zhuolin and Li, Linyi and Xu, Xiaojun and Kailkhura, Bhavya and Xie, Tao and Li, Bo},
  booktitle={International Conference on Learning Representations},
  year={2022}
},

@inproceedings{reference7,
  title={Distillation as a defense to adversarial perturbations against deep neural networks},
  author={Papernot, Nicolas and McDaniel, Patrick and Wu, Xi and Jha, Somesh and Swami, Ananthram},
  booktitle={2016 IEEE symposium on security and privacy (SP)},
  pages={582--597},
  year={2016},
  organization={IEEE}
},

@article{reference12,
  title={Semi-supervised knowledge transfer for deep learning from private training data},
  author={Papernot, Nicolas and Abadi, Mart{\'\i}n and Erlingsson, Ulfar and Goodfellow, Ian and Talwar, Kunal},
  journal={arXiv preprint arXiv:1610.05755},
  year={2016}
}
